<?xml version="1.0" encoding="UTF-8"?><collection xmlns="http://www.loc.gov/MARC21/slim"><record><leader>00399nam--2200133-i-4500</leader><controlfield tag="001">000022448</controlfield><controlfield tag="002">20161230</controlfield><controlfield tag="005">20161230201034</controlfield><controlfield tag="008">060222s1000------------r-----000-0-eng-d</controlfield><datafield ind1=" " ind2=" " tag="100"><subfield code="a">Jeffery, P.G.And Kipping, P.J</subfield></datafield><datafield ind1=" " ind2=" " tag="245"><subfield code="a">Gas analysis by gas chromatography</subfield></datafield><datafield ind1=" " ind2=" " tag="260"><subfield code="a">Oxford, Pergamon Press, 1964, Xi + 216p</subfield></datafield><datafield ind1=" " ind2=" " tag="490"><subfield code="a">International Series Of Monographs On Analytical Chemistry</subfield></datafield><datafield ind1=" " ind2=" " tag="852"><subfield code="a">16056</subfield></datafield></record></collection>